@manual{reglamento2017,
  title  = {Reglamento de propiedad intelectual},
  author = {{Universidad EAFIT}},
  year   = {2017}
}

@article{ecuadorian,
  title   = {Scheduling the professional Ecuadorian football league by integer programming},
  author  = {D. Recalde and R. Torres and P. Vaca},
  year    = {2013},
  journal = {Elsevier}
}

@article{basketball,
  title   = {Scheduling Argentina’s professional basketball leagues: A variation on the Travelling Tournament Problem},
  author  = {Guillermo Durán and Santiago Durán and Javier Marenco and Federico Mascialino and Pablo A. Rey},
  year    = {2018},
  journal = {Elsevier}
}

@article{bibliography,
  title   = {Scheduling in sports: An annotated bibliography},
  author  = {Graham Kendall and Sigrid Knust and Celso C. Ribeiro and Sebastián Urrutia},
  year    = {2009},
  journal = {Elsevier}
}
